Journals:

@string{ ACHA            = "Appl. Comput. Harm. Anal."}
@string{ ANNM            = "Ann. of Math."}
@string{ ANNMS           = "Ann. of Math. Statist."}
@string{ ANNP            = "Ann. Probab."}
@string{ BSTJ            = "Bell Syst. Tech. J."}
@string{ CACM            = "Comm. ACM"}
@string{ CCR             = "Comp. Comm. Rev."}
@string{ Computer        = "Computer"}
@string{ IEEE-Proc       = "Proc. IEEE"}
@string{ IRE-Proc        = "Proc. IRE"}
@string{ IEEE-Network    = "IEEE Network"}
@string{ IEEE-JSAC       = "IEEE J. Sel. Areas Comm."}
@string{ IEEE-SP-Let     = "IEEE Sig. Proc. Let."}
@string{ IEEE-SP-Mag     = "IEEE Sig. Proc. Mag."}
@string{ IEEE-Trans-AC   = "IEEE Trans. Automat. Control"}
@string{ IEEE-Trans-ASSP = "IEEE Trans. Acoust. Speech Signal Proc."} 
@string{ IEEE-Trans-CE   = "IEEE Trans. Consum. Electron."}
@string{ IEEE-Trans-CS   = "IEEE Trans. Circuits Syst."}
@string{ IEEE-Trans-CS2  = "IEEE Trans. Circuits Syst.--II: Anal. Dig. Sig. Proc."}
@string{ IEEE-Trans-CSVT = "IEEE Trans. Circuits Syst. Video Technol."}
@string{ IEEE-Trans-Comm = "IEEE Trans. Comm."}
@string{ IEEE-Trans-CommSys = "IEEE Trans. Commun. Syst."}
@string{ IEEE-Trans-Comp = "IEEE Trans. Comp."}
@string{ IEEE-Trans-IM   = "IEEE Trans. Intrum. Meas."}
@string{ IEEE-Trans-IP   = "IEEE Trans. Image Proc."}
@string{ IEEE-Trans-IT   = "IEEE Trans. Inform. Th."}
@string{ IRE-Trans-IT    = "IRE Trans. Inform. Th."}
@string{ IEEE-Trans-Mm   = "IEEE Trans. Multimedia"}
@string{ IEEE-ACM-Network = "IEEE/ACM Trans. Networking"}
@string{ IEEE-ITSoc-News = "IEEE Inform. Th. Soc. Newsletter"}
@string{ IEEE-Trans-PAMI = "IEEE Trans. Pattern Anal. and Mach. Int."}
@string{ IEEE-Trans-SAP  = "IEEE Trans. Speech Audio Proc."}
@string{ IEEE-Trans-SP   = "IEEE Trans. Signal Proc."}
@string{ IEEE-Trans-SMC  = "IEEE Trans. on Syst. Man and Cybernetics"}
@string{ IEEE-Trans-SMC3 = "IEEE Trans. on Syst. Man and
        Cybernetics--Pt.\ C: Appl. \& Rev."}
@string{ JASA            = "J. Amer. Stat. Assoc."}
@string{ JFAA            = "J. Fourier Anal. Appl."}
@string{ PAMS            = "Proc. Amer. Math. Soc."}
@string{ PPI             = "Probl. Peredach. Inform."}
@string{ SP              = "Signal Proc."}
@string{ TAMS            = "Trans. Amer. Math. Soc."}
@string{ TPA             = "Theory Probab. Appl."}

Conferences:

@string{ asilomar   = "Conf. Rec. Asilomar Conf. on Sig., Sys. \& Computers"}
@string{ asilomar-loc = "Pacific Grove, CA"}
@string{ acc        = "Proc. IEEE Amer. Contr. Conf."}
@string{ cdc        = "Proc. IEEE Conf. Dec. \& Contr."}
@string{ ciss            = "Proc. Conf. on Inform. Sci. \& Sys."}
@string{ dcc             = "Proc. IEEE Data Compression Conf."}
@string{ dcc-eds         = ""}
@string{ dcc-pub         = ""}
@string{ dcc-loc         = "Snowbird, Utah"}
@string{ icaos96         = "Proc. 12th Int. Conf. Anal. \& Opt. of Sys.: Images, Wavelets \& PDE's"}
@string{ icassp     = "Proc. IEEE Int. Conf. Acoust., Speech, and Signal Proc."}
@string{ icc        = "Proc. IEEE Int. Conf. Comm."}
@string{ icip       = "Proc. IEEE Int. Conf. Image Proc."}
@string{ isit       = "Proc. IEEE Int. Symp. Inform. Th."}
@string{ ist-spie        = "Proc. IS~\&~T/SPIE"}
@string{ nossdav98       = "Proc. 8th Int. Workshop Netw. Operating Syst. Supp.
                            for Dig. Aud. Vid. (NOSSDAV)"}
@string{ nossdav99       = "Proc. 9th Int. Workshop Netw. Operating Syst. Supp.
                            for Dig. Aud. Vid. (NOSSDAV)"}
@string{ vcip            = "Proc. SPIE Conf. on Vis. Commun. and Image Proc."}
@string{ wavx            = "Proc. Wavelets: Appl. in Sig. \& Image Proc. X,
                            part of SPIE Int. Symp. on Optical Sci. \& Tech."}

         { dcc-eds         = "J. A. Storer and M. Cohn"}
         { dcc-pub         = "IEEE Comp. Soc. Press"}

Other:

@STRING{ kluwer          = "Kluwer Acad. Pub."}
@STRING{ icsi            = "Int. Comp. Sci. Instit."}

@preamble{ "\newcommand{\SortNoop}[1]{} " }

------------------------------------------------------------------------
 
@ARTICLE{Article,
        AUTHOR =        {},
        TITLE =         {},
        JOURNAL =       {},
        Volume =        {},
        Number =        {},
        Pages =         {},
        Month =         {},
        YEAR =          {},
        Note =          {},
        summary =       {}
        }
@BOOK{Book,
        AUTHOR =        {},
        editor =        {},
        TITLE =         {},
        PUBLISHER =     {},
        YEAR =          {},
        Volume =        {},
        number =        {},
        Series =        {},
        Address =       {},
        Edition =       {},
        Month =         {},
        Note =          {},
        summary =       {}
        }
@BOOKLET{Booklet,
        TITLE =         {},
        Author =        {},
        Howpublished =  {},
        Address =       {},
        Month =         {},
        Year =          {},
        Note =          {},
        summary =       {}
        }
@INBOOK{Inbook,
        AUTHOR =        {},
        editor =        {},
        TITLE =         {},
        CHAPTER =       {},
        pages =         {},
        PUBLISHER =     {},
        YEAR =          {},
        Volume =        {},
        number =        {},
        Series =        {},
        Type =          {},
        Address =       {},
        Edition =       {},
        Month =         {},
        Note =          {},
        summary =       {}
        }
@INCOLLECTION{Incollection,
        AUTHOR =        {},
        TITLE =         {},
        BOOKTITLE =     {},
        PUBLISHER =     {},
        YEAR =          {},
        Editor =        {},
        Volume =        {},
        number =        {},
        Series =        {},
        Type =          {},
        Chapter =       {},
        Pages =         {},
        Address =       {},
        Edition =       {},
        Month =         {},
        Note =          {},
        summary =       {}
        }
@INPROCEEDINGS{Inproceedings,
        AUTHOR =        {},
        TITLE =         {},
        BOOKTITLE =     {},
        YEAR =          {},
        Editor =        {},
        Volume =        {},
        number =        {},
        Series =        {},
        Pages =         {},
        Address =       {},
        Month =         {},
        Organization =  {},
        Publisher =     {},
        Note =          {},
        summary =       {}
        }
@MANUAL{Manual,
        TITLE =         {},
        Author =        {},
        Organization =  {},
        Address =       {},
        Edition =       {},
        Month =         {},
        Year =          {},
        Note =          {},
        summary =       {}
        }
@MASTERSTHESIS{Mastersthesis,
        AUTHOR =        {},
        TITLE =         {},
        SCHOOL =        {},
        YEAR =          {},
        Type =          {},
        Address =       {},
        Month =         {},
        Note =          {},
        summary =       {}
        }
@MISC{Misc,
        Author =        {},
        Title =         {},
        Howpublished =  {},
        Month =         {},
        Year =          {},
        Note =          {},
        summary =       {}
        }
@PHDTHESIS{Phdthesis,
        AUTHOR =        {},
        TITLE =         {},
        SCHOOL =        {},
        YEAR =          {},
        Type =          {},
        Address =       {},
        Month =         {},
        Note =          {},
        summary =       {}
        }
@PROCEEDINGS{Proceedings,
        TITLE =         {},
        YEAR =          {},
        Editor =        {},
        Volume =        {},
        number =        {},
        Series =        {},
        Address =       {},
        Month =         {},
        Organization =  {},
        Publisher =     {},
        Note =          {},
        summary =       {}
        }
@TECHREPORT{Techreport,
        AUTHOR =        {},
        TITLE =         {},
        INSTITUTION =   {},
        YEAR =          {},
        Type =          {},
        Number =        {},
        Address =       {},
        Month =         {},
        Note =          {},
        summary =       {}
        }
@UNPUBLISHED{Unpublished,
        AUTHOR =        {},
        TITLE =         {},
        NOTE =          {},
        Month =         {},
        Year =          {},
        summary =       {}
        }

------------------------------------------------------------------------

@BOOK{Higham:98,
    AUTHOR = {N.J. Higham},
    TITLE = {Handbook of Writing for Mathematical Sciences},
    PUBLISHER = {SIAM},
    YEAR = {1998}
    }

@Book{Strunk:00,
    author = {W. Strunk~Jr. and E.B. White},
    title = {Elements of Style},
    publisher = {Longman},
    year = {2000},
    edition = {4th}
}


@ARTICLE{Efron:04,
    author = {Bradley Efron and Trevor Hastie and Iain Johnstone and Robert Tibshirani},
    title = {Least angle regression},
    journal = {Annals of Statistics},
    year = {2004},
    volume = {32},
    pages = {407--499}
}
        
@article{Mairal:2010,
    author = {Mairal, Julien and Bach, Francis and Ponce, Jean and Sapiro, Guillermo},
    title = {Online Learning for Matrix Factorization and Sparse Coding},
    journal = {J. Mach. Learn. Res.},
    issue_date = {3/1/2010},
    volume = {11},
    month = mar,
    year = {2010},
    issn = {1532-4435},
    pages = {19--60},
    numpages = {42},
    url = {http://dl.acm.org/citation.cfm?id=1756006.1756008},
    acmid = {1756008},
    publisher = {JMLR.org},
} 

@MISC{Intel_i7-6700,
    Title = {Intel Core i7-6700 Processor Product Specification},
    Howpublished =  {https://ark.intel.com/products/88196},
    Note = {Accessed: 2017-06-01}
}

@MISC{bandwidth,
    Title = {Bandwidth: a memory bandwidth benchmark
for x86/x86\_64 based GNU/Linux/Windows/MacOSX},
    Howpublished =  {http://zsmith.co/bandwidth.html},
    Note = {Accessed: 2017-06-01}
}

@MISC{Intrinsics,
    Title = {Intel Intrinsics Guide},
    Howpublished =  {https://software.intel.com/sites/landingpage/IntrinsicsGuide/},
    Note = {Accessed: 2017-06-01}
}

@MISC{larscpp,
    Title = {General Implementation of LARS},
    Howpublished =  {
https://github.com/varung/larscpp/tree/master/src},
    Note = {Accessed: 2017-06-01}
}


@MISC{perf,
    Title = {perf: Linux profiling with performance counters},
    Howpublished =  {
https://perf.wiki.kernel.org/index.php/Main\_Page},
    Note = {Accessed: 2017-06-01}
}

@inproceedings{ofenbeck2014applying,
  added-at = {2016-10-06T00:00:00.000+0200},
  author = {Doerfler, Douglas and Deslippe, Jack and Williams, Samuel and Oliker, Leonid and Cook, Brandon and Kurth, Thorsten and Lobet, Mathieu and Malas, Tareq M. and Vay, Jean-Luc and Vincenti, Henri},
  biburl = {http://www.bibsonomy.org/bibtex/2fb57dddab5a05941807f8b85d114586c/dblp},
  booktitle = {ISC Workshops},
  editor = {Taufer, Michela and Mohr, Bernd and Kunkel, Julian M.},
  ee = {http://dx.doi.org/10.1007/978-3-319-46079-6_24},
  interhash = {fd540efe1b359439d8df5df4c7eaefb6},
  intrahash = {fb57dddab5a05941807f8b85d114586c},
  isbn = {978-3-319-46078-9},
  keywords = {dblp},
  pages = {339-353},
  series = {Lecture Notes in Computer Science},
  timestamp = {2016-10-07T11:34:20.000+0200},
  title = {Applying the Roofline Performance Model to the Intel Xeon Phi Knights Landing Processor.},
  url = {http://dblp.uni-trier.de/db/conf/supercomputer/isc2016w.html#DoerflerDWOCKLM16},
  volume = 9945,
  year = 2016
}

